@inproceedings{nguyen2016swap,
  Title={{SWAP: Protecting pull-based P2P video streaming systems from inference attacks}},
  Author={{Nguyen, G. et al.}},
  Booktitle={{Proc. WoWMoM}},
  Pages={1--9},
  Year={2016}
}
@inproceedings{nguyen2013ossim,
  title={{Ossim: A Generic Simulation Framework for Overlay Streaming}},
  author={{Nguyen, G. et al.}},
  booktitle={Proc. SCSC},
  pages={30:1--30:8},
  year={2013}
}
@inproceedings{zhang2005coolstreaming,
  title={{CoolStreaming/DONet: A Data-driven Overlay Network for Peer-to-peer Live Media Streaming}},
  author={{Zhang, X. et al.}},
  booktitle={{Proc. INFOCOM}},
  pages={2102--2111},
  year={2005}
}
@inproceedings{rbcs,
title = {{RBCS: A resilient Backbone Construction Scheme for Hybrid Peer-To-Peer Streaming}},
author={{Nguyen, G. et al.}},
booktitle={{Proc. LCN}},
year = {2015},
pages = {261--269}
}
@inproceedings{neighborlist1,
 author = {{Huang, Y. et al.}},
 title = {{Challenges, Design and Analysis of a Large-scale P2P-vod System}},
 booktitle = {{Proc. ACM SIGCOMM}},
 year = {2008},
 pages = {375--388}
} 
@inproceedings{neighborlist2,
 author = {{Vu, L. et al.}},
 title = {{Measurement and Modeling of a Large-scale Overlay for Multimedia Streaming}},
 booktitle = {{Proc. QSHINE}},
 year = {2007},
 pages = {3:1--3:7}
 }
@inproceedings{defending, 
author={{D. Li. et al.}}, 
booktitle={{IEEE Trans. Multimedia}}, 
title={{Defending Against Buffer Map Cheating in DONet-Like P2P Streaming}}, 
year={{2009}}, 
volume={11}, 
pages={535--542}
}
@inproceedings{pollution1, 
author={{I. Gkortsilas and K. Deltouzos}}, 
booktitle={{Proc. EuCNC}}, 
title={{Detecting and Isolating Pollution Attacks in Peer-to-peer VoD Systems}}, 
year={2016}, 
pages={340--344}
}
@article{pollution2,
  title={{A Trust-based Pollution Attack Prevention Scheme in Peer-to-peer Streaming Networks}},
  author={{Kang, X. and Wu, Y.}},
  journal={{Computer Networks}},
  volume={72},
  pages={62--73},
  year={2014}
}
@inproceedings{defending2,
  title={Incentive Mechanism for Peer-to-peer Media Streaming},
  author={{Habib, A. and Chuang, J.}},
  booktitle={{Proc. IWQOS}},
  pages={171--180},
  year={2004}
}
@article{nc,
  title={{Simple countermeasures to mitigate the effect of pollution attack in network coding-based peer-to-peer live streaming}},
  author={{Fiandrotti, A. et al.}},
  journal={{IEEE Transactions on Multimedia}},
  volume={17},
  pages={562--573},
  year={2015}
}
@inproceedings{antiliar,
  title={{Antiliar: Defending Against Cheating Attacks in Mesh Based Streaming}},
  author={{So, K. and Reeves, S.}},
  booktitle={{Proc. P2P}},
  pages={{115--125}},
  year={2012}
}
@inproceedings{nguyen2014resilience,
  title={{On the Resilience of Pull-based p2p Streaming Systems Against DoS Attacks}},
  author={{Nguyen, G. et al.}},
  booktitle={{Proc. SSS}},
  pages={{33--47}},
  year={2014}
}